@Book{papula_2,
author = {Papula, L.},
title = {Mathematik fÃ¼r Ingenieure und Naturwissenschaftler Band 2},
publisher = {Vieweg+Teubner},
year = {2009},
adress = {Wiesbaden},
edition = {12}
}

